@article{krizhevsky2012imagenet,
  title={Imagenet classification with deep convolutional neural networks},
  author={Krizhevsky, Alex and Sutskever, Ilya and Hinton, Geoffrey E},
  journal={Advances in neural information processing systems},
  volume={25},
  pages={1097--1105},
  year={2012}
}

@article{shanmugam2020and,
  title={{When and Why Test-Time Augmentation Works}},
  author={Shanmugam, Divya and Blalock, Davis and Balakrishnan, Guha and Guttag, John},
  journal={arXiv preprint arXiv:2011.11156},
  year={2020}
}

@inproceedings{takahashi2018ricap,
  title={{RICAP: Random Image Cropping and Patching Data Augmentation for Deep CNNs}},
  author={Takahashi, Ryo and Matsubara, Takashi and Uehara, Kuniaki},
  booktitle={Asian Conference on Machine Learning},
  pages={786--798},
  year={2018},
  organization={PMLR}
}

@article{zhang2017mixup,
  title={Mixup: Beyond empirical risk minimization},
  author={Zhang, Hongyi and Cisse, Moustapha and Dauphin, Yann N and Lopez-Paz, David},
  journal={arXiv preprint arXiv:1710.09412},
  year={2017}
}

@inproceedings{zhong2020random,
  title={Random erasing data augmentation},
  author={Zhong, Zhun and Zheng, Liang and Kang, Guoliang and Li, Shaozi and Yang, Yi},
  booktitle={Proceedings of the AAAI Conference on Artificial Intelligence},
  volume={34},
  number={07},
  pages={13001--13008},
  year={2020}
}

@inproceedings{zhang2019dada,
  title={DADA: Deep Adversarial Data Augmentation for Extremely Low Data Regime Classification},
  author={Zhang, Xiaofeng and Wang, Zhangyang and Liu, Dong and Ling, Qing},
  booktitle={ICASSP 2019-2019 IEEE International Conference on Acoustics, Speech and Signal Processing (ICASSP)},
  pages={2807--2811},
  year={2019},
  organization={IEEE}
}

@inproceedings{olson2018modern,
  title={Modern neural networks generalize on small data sets},
  author={Olson, Matthew and Wyner, Abraham J and Berk, Richard},
  booktitle={Proceedings of the 32nd International Conference on Neural Information Processing Systems},
  pages={3623--3632},
  year={2018}
}

@article{chen2019fewshot,
  title={A closer look at few-shot classification},
  author={Chen, Wei-Yu and Liu, Yen-Cheng and Kira, Zsolt and Wang, Yu-Chiang Frank and Huang, Jia-Bin},
  journal={arXiv preprint arXiv:1904.04232},
  year={2019}
}

@article{vinyals2016matching,
  title={Matching networks for one shot learning},
  author={Vinyals, Oriol and Blundell, Charles and Lillicrap, Timothy and Kavukcuoglu, Koray and Wierstra, Daan},
  journal={arXiv preprint arXiv:1606.04080},
  year={2016}
}

@article{snell2017prototypical,
  title={Prototypical networks for few-shot learning},
  author={Snell, Jake and Swersky, Kevin and Zemel, Richard S},
  journal={arXiv preprint arXiv:1703.05175},
  year={2017}
}

@article{ravi2016optimization,
  title={Optimization as a model for few-shot learning},
  author={Ravi, Sachin and Larochelle, Hugo},
  year={2016}
}

@inproceedings{hoffer2015deep,
  title={Deep metric learning using triplet network},
  author={Hoffer, Elad and Ailon, Nir},
  booktitle={International workshop on similarity-based pattern recognition},
  pages={84--92},
  year={2015},
  organization={Springer}
}

@inproceedings{koch2015siamese,
  title={Siamese neural networks for one-shot image recognition},
  author={Koch, Gregory and Zemel, Richard and Salakhutdinov, Ruslan},
  booktitle={ICML deep learning workshop},
  volume={2},
  year={2015},
  organization={Lille}
}

@inproceedings{simard1998,
author = {Simard, Patrice and LeCun, Yann and Denker, John S. and Victorri, Bernard},
title = {Transformation Invariance in Pattern Recognition-Tangent Distance and Tangent Propagation},
year = {1998},
isbn = {3540653112},
publisher = {Springer-Verlag},
address = {Berlin, Heidelberg},
booktitle = {Neural Networks: Tricks of the Trade, This Book is an Outgrowth of a 1996 NIPS Workshop},
pages = {239–27}
}

@inproceedings{chapelle2001,
 author = {Chapelle, Olivier and Weston, Jason and Bottou, L\'{e}on and Vapnik, Vladimir},
 booktitle = {Advances in Neural Information Processing Systems},
 editor = {T. Leen and T. Dietterich and V. Tresp},
 pages = {},
 publisher = {MIT Press},
 title = {Vicinal Risk Minimization},
 url = {https://proceedings.neurips.cc/paper/2000/file/ba9a56ce0a9bfa26e8ed9e10b2cc8f46-Paper.pdf},
 volume = {13},
 year = {2001}
}

@inproceedings{alexnet,
author = {Krizhevsky, Alex and Sutskever, Ilya and Hinton, Geoffrey E.},
title = {ImageNet Classification with Deep Convolutional Neural Networks},
year = {2012},
publisher = {Curran Associates Inc.},
address = {Red Hook, NY, USA},
booktitle = {Proceedings of the 25th International Conference on Neural Information Processing Systems - Volume 1},
pages = {1097–1105},
numpages = {9},
location = {Lake Tahoe, Nevada},
series = {NIPS'12}
}

@inproceedings{deng2009imagenet,
  title={Imagenet: A large-scale hierarchical image database},
  author={Deng, Jia and Dong, Wei and Socher, Richard and Li, Li-Jia and Li, Kai and Fei-Fei, Li},
  booktitle={2009 IEEE conference on computer vision and pattern recognition},
  pages={248--255},
  year={2009},
  organization={Ieee}
}

@article{sun17,
  author    = {Chen Sun and
               Abhinav Shrivastava and
               Saurabh Singh and
               Abhinav Gupta},
  title     = {Revisiting Unreasonable Effectiveness of Data in Deep Learning Era},
  journal   = {CoRR},
  volume    = {abs/1707.02968},
  year      = {2017},
  url       = {http://arxiv.org/abs/1707.02968},
  archivePrefix = {arXiv},
  eprint    = {1707.02968},
  timestamp = {Fri, 05 Apr 2019 07:29:46 +0200},
  biburl    = {https://dblp.org/rec/journals/corr/SunSSG17.bib},
  bibsource = {dblp computer science bibliography, https://dblp.org}
}

@article{cutout,
  author    = {Terrance Devries and
               Graham W. Taylor},
  title     = {Improved Regularization of Convolutional Neural Networks with Cutout},
  journal   = {CoRR},
  volume    = {abs/1708.04552},
  year      = {2017},
  url       = {http://arxiv.org/abs/1708.04552},
  archivePrefix = {arXiv},
  eprint    = {1708.04552},
  timestamp = {Mon, 13 Aug 2018 16:45:57 +0200},
  biburl    = {https://dblp.org/rec/journals/corr/abs-1708-04552.bib},
  bibsource = {dblp computer science bibliography, https://dblp.org}
}

@misc{scola,
      title={Multiclass non-Adversarial Image Synthesis, with Application to Classification from Very Small Sample}, 
      author={Itamar Winter and Daphna Weinshall},
      year={2020},
      eprint={2011.12942},
      archivePrefix={arXiv},
      primaryClass={cs.CV}
}

@ARTICLE{cfvae,
  author={Lin, Luyue and Liu, Bo and Zheng, Xin and Xiao, Yanshan},
  journal={IEEE Transactions on Cybernetics}, 
  title={An Efficient Image Categorization Method With Insufficient Training Samples}, 
  year={2020},
  volume={},
  number={},
  pages={1-17},
  doi={10.1109/TCYB.2020.3011165}}
  
  @misc{kolesnikov2020big,
      title={Big Transfer (BiT): General Visual Representation Learning}, 
      author={Alexander Kolesnikov and Lucas Beyer and Xiaohua Zhai and Joan Puigcerver and Jessica Yung and Sylvain Gelly and Neil Houlsby},
      year={2020},
      eprint={1912.11370},
      archivePrefix={arXiv},
      primaryClass={cs.CV}
}

@misc{dosovitskiy2020image,
      title={An Image is Worth 16x16 Words: Transformers for Image Recognition at Scale}, 
      author={Alexey Dosovitskiy and Lucas Beyer and Alexander Kolesnikov and Dirk Weissenborn and Xiaohua Zhai and Thomas Unterthiner and Mostafa Dehghani and Matthias Minderer and Georg Heigold and Sylvain Gelly and Jakob Uszkoreit and Neil Houlsby},
      year={2020},
      eprint={2010.11929},
      archivePrefix={arXiv},
      primaryClass={cs.CV}
}

@misc{he2015deep,
      title={Deep Residual Learning for Image Recognition}, 
      author={Kaiming He and Xiangyu Zhang and Shaoqing Ren and Jian Sun},
      year={2015},
      eprint={1512.03385},
      archivePrefix={arXiv},
      primaryClass={cs.CV}
}

@article{lstm,
author = {Hochreiter, Sepp and Schmidhuber, J\"{u}rgen},
title = {Long Short-Term Memory},
year = {1997},
issue_date = {November 15, 1997},
publisher = {MIT Press},
address = {Cambridge, MA, USA},
volume = {9},
number = {8},
issn = {0899-7667},
url = {https://doi.org/10.1162/neco.1997.9.8.1735},
doi = {10.1162/neco.1997.9.8.1735},
journal = {Neural Comput.},
month = nov,
pages = {1735–1780},
numpages = {46}
}

@misc{bahdanau2016neural,
      title={Neural Machine Translation by Jointly Learning to Align and Translate}, 
      author={Dzmitry Bahdanau and Kyunghyun Cho and Yoshua Bengio},
      year={2016},
      eprint={1409.0473},
      archivePrefix={arXiv},
      primaryClass={cs.CL}
}

@misc{vaswani2017attention,
      title={Attention Is All You Need}, 
      author={Ashish Vaswani and Noam Shazeer and Niki Parmar and Jakob Uszkoreit and Llion Jones and Aidan N. Gomez and Lukasz Kaiser and Illia Polosukhin},
      year={2017},
      eprint={1706.03762},
      archivePrefix={arXiv},
      primaryClass={cs.CL}
}

@misc{xie2020selftraining,
      title={Self-training with Noisy Student improves ImageNet classification}, 
      author={Qizhe Xie and Minh-Thang Luong and Eduard Hovy and Quoc V. Le},
      year={2020},
      eprint={1911.04252},
      archivePrefix={arXiv},
      primaryClass={cs.LG}
}

@misc{devlin2019bert,
      title={BERT: Pre-training of Deep Bidirectional Transformers for Language Understanding}, 
      author={Jacob Devlin and Ming-Wei Chang and Kenton Lee and Kristina Toutanova},
      year={2019},
      eprint={1810.04805},
      archivePrefix={arXiv},
      primaryClass={cs.CL}
}

@misc{isola2018imagetoimage,
      title={Image-to-Image Translation with Conditional Adversarial Networks}, 
      author={Phillip Isola and Jun-Yan Zhu and Tinghui Zhou and Alexei A. Efros},
      year={2018},
      eprint={1611.07004},
      archivePrefix={arXiv},
      primaryClass={cs.CV}
}

@article{Arnold2020-ss,
  title         = "learn2learn: A Library for {Meta-Learning} Research",
  author        = "Arnold, S{\'e}bastien M R and Mahajan, Praateek and Datta,
                   Debajyoti and Bunner, Ian and Zarkias, Konstantinos Saitas",
  month         =  aug,
  year          =  2020,
  url           = "http://arxiv.org/abs/2008.12284",
  archivePrefix = "arXiv",
  primaryClass  = "cs.LG",
  eprint        = "2008.12284"
}
%%%%% use this for github repos
@misc{vit_github,
      title={PyTorch-Pretrained-ViT}, url={https://github.com/lukemelas/PyTorch-Pretrained-ViT}, journal={GitHub},[break] author={Melas-Kyriazi, Luke},
      year={2021}}
      
@misc{SAM_github,
title={davda54/sam},
url={https://github.com/davda54/sam},
journal={GitHub},
author={Samuel, David},
year={2021}}

@misc{se_resnet_github,
title={moskomule/senet.pytorch},
url={https://github.com/moskomule/senet.pytorch},
journal={GitHub},
author={Hataya, Ryuichiro},
year={2021}}

@misc{prototypical_github,
title={learnables/learn2learn_2021}, url={https://github.com/learnables/learn2learn},
journal={GitHub},
year={2021}

@misc{foret2020sharpnessaware,
      title={Sharpness-Aware Minimization for Efficiently Improving Generalization}, 
      author={Pierre Foret and Ariel Kleiner and Hossein Mobahi and Behnam Neyshabur},
      year={2020},
      eprint={2010.01412},
      archivePrefix={arXiv},
      primaryClass={cs.LG}
}